@InProceedings{mypaper6,
author={Doychinov, V. and Steenson, D. P. and Abadi, A. M. and Paoloni, C.},
booktitle={9th International Conference on Microwave and Millimetre Wave Technology},
title={{Low-Cost Method for Waveguide Device Components Fabrication at 220 â€“ 325 GHz}},
year={2016 (Accepted)}
}

@INPROCEEDINGS{mypaper5, 
author={Elsaadi, M. and Steenson, D. P. and Robertson, I. D. and Doychinov, V.}, 
booktitle={Infrared, Millimeter, and Terahertz waves (IRMMW-THz), 2015 40th International Conference on}, 
title={{A 320GHz low drive level sub-harmonic mixer based on quantum barrier junctions}}, 
year={2015}, 
pages={1-2}, 
doi={10.1109/IRMMW-THz.2015.7327577}, 
month={Aug}
}

@INPROCEEDINGS{mypaper2, 
author={Steenson, D.P. and Doychinov, V. and Li, L. and Linfield, E. and Patel, H.}, 
booktitle={Millimeter Waves and THz Technology Workshop (UCMMT), 2013 6th UK, Europe, China}, 
title={{W-band sub-harmonic mixers based on quantum barrier devices with low local oscillator power requirements}}, 
year={2013}, 
month={Sept}, 
doi={10.1109/UCMMT.2013.6641508}
}

@InProceedings{mypaper3,
author = {Doychinov, V. and Steenson, D.P. and Patel, H.},
title = {{Resonant-Tunneling Diode Based Reflection Amplifier}},
booktitle = {22nd European Workshop on Heterostructure Technology (HETECH)},
year={2013},
month={Sept}
}

@InProceedings{mypaper1,
author = {Doychinov, V. and Steenson, D.P.},
title = {Quantum barrier devices for efficient sub-harmonic sub-millimeter wave mixing},
booktitle = {The 5th UK/Europe-China Workshop on Millimeter Waves and Terahertz Technologies},
year={2012},
month={Sept}
}

@InProceedings{mypaper4,
author = {Mihaylova, L. and Gning, A. and Doychinov, V. and Boel, R.},
title = {{Parallelised Gaussian mixture filtering for vehicular traffic flow estimation}},
booktitle = {Informatik 2009},
year = {2009},
month={Sept}
}

